%% This BibTeX bibliography file was created using BibDesk.
%% http://bibdesk.sourceforge.net/


%% Created for Philo van Kemenade at 2012-09-15 17:57:23 +0100 


%% Saved with string encoding Unicode (UTF-8) 

@misc{YouTubeCC,
  Author = "Cathy Casserly",
  Title = "Hereâ€™s your invite to reuse and remix the 4 million Creative Commons-licensed videos on YouTube",
  howpublished = {\url{http://YouTube-global.blogspot.co.uk/2012/07/heres-your-invite-to-reuse-and-remix-4.html}},
  note = {Accessed: 15/09/2012},
  Year = {2012},
  Month = {June}
}

@book{kosslyn1980image,
	Author = {Kosslyn, S.M.},
	Publisher = {Harvard University Press},
	Title = {{Image and mind}},
	Year = {1980}}

@article{vanKemenade:2011wo,
	Author = {van Kemenade, Philo},
	Month = jul,
	Pages = {1--23},
	Title = {{Predicting the Propagation of Online Video Content on Twitter}},
	Year = {2011}}

@book{berra2010directory,
	Author = {Berra, J.},
	Publisher = {Intellect Ltd},
	Series = {IB - Directory of World Cinema},
	Title = {{Directory of World Cinema: Japan}},
	Year = {2010}}

@book{okano1999education,
	Author = {Okano, K. and Tsuchiya, M.},
	Publisher = {Cambridge University Press},
	Series = {Contemporary Japanese society},
	Title = {{Education in contemporary Japan: inequality and diversity}},
	Year = {1999}}

@book{gibson2000neuromancer,
	Author = {Gibson, W.},
	Publisher = {Ace Books},
	Series = {Ace science fiction},
	Title = {{Neuromancer}},
	Year = {2000}}

@book{desser1988eros,
	Author = {Desser, D.},
	Publisher = {Indiana University Press},
	Series = {Midland Book, MB 469},
	Title = {{Eros plus massacre: an introduction to the Japanese new wave cinema}},
	Year = {1988}}

@book{hunter1998eros,
	Author = {Hunter, J.},
	Publisher = {Creation Books},
	Series = {Creation cinema collection},
	Title = {{Eros in hell: sex, blood and madness in Japanese cinema}},
	Year = {1998}}

@book{boyle1993modern,
	Author = {Boyle, J.H.},
	Publisher = {Harcourt Brace Jovanovich},
	Title = {{Modern Japan: the American nexus}},
	Year = {1993}}

@book{richie2001hundred,
	Author = {Richie, Donald},
	Edition = {1st ed.},
	Publisher = {Kodansha International : Distributed in the United States by Kodansha America, Tokyo ; New York :},
	Title = {{A hundred years of Japanese film}},
	Year = {2001}}

@techreport{wiki:shara,
	Annote = {[Online; accessed 23-January-2011]},
	Author = {{Wikipedia}},
	Title = {{Shara (film) --- Wikipedia, The Free Encyclopedia}},
	Year = {2010}}

@book{thompson2006film,
	Author = {Thompson, K. and Bordwell, D.},
	Publisher = {McGraw-Hill Primis},
	Title = {{Film history: an introduction}},
	Year = {2006}}

@book{churchland1988matter,
	Author = {Churchland, P.M.},
	Publisher = {MIT Press},
	Series = {Bradford books},
	Title = {{Matter and consciousness: a contemporary introduction to the philosophy of mind}},
	Year = {1988}}

@article{Nagel1974-NAGWII,
	Author = {Nagel, Thomas},
	Journal = {Philosophical Review},
	Number = {October},
	Pages = {435--450},
	Title = {{What is It Like to Be a Bat?}},
	Volume = {83},
	Year = {1974}}

@article{kosslyn1979demystification,
	Author = {Kosslyn, S.M. and Pinker, S. and Smith, G.E. and Shwartz, S.P.},
	Journal = {Behavioral and brain sciences},
	Number = {04},
	Pages = {535--548},
	Title = {{On the demystification of mental imagery}},
	Volume = {2},
	Year = {1979}}

@inproceedings{kwak2010twitter,
	Author = {Kwak, H. and Lee, C. and Park, H. and Moon, S.},
	Booktitle = {Proceedings of the 19th international conference on World wide web},
	Organization = {ACM},
	Pages = {591--600},
	Title = {{What is Twitter, a social network or a news media?}},
	Year = {2010}}

@article{Ducatelle:2010tu,
	Author = {Ducatelle, F. and Di Caro, G.A. and Gambardella, L.M.},
	Journal = {Proceedings of the 12th annual conference on Genetic and evolutionary computation},
	Pages = {87--94},
	Title = {{Cooperative self-organization in a heterogeneous swarm robotic system}},
	Year = {2010}}

@book{sutton1998reinforcement,
	Author = {Sutton, R.S. and Barto, A.G.},
	Publisher = {MIT Press},
	Series = {Adaptive computation and machine learning},
	Title = {{Reinforcement learning: an introduction}},
	Year = {1998}}

@book{bock1985japanese,
	Author = {Bock, A.},
	Publisher = {Kodansha International},
	Title = {{Japanese film directors}},
	Year = {1985}}

@book{iles2008crisis,
	Author = {Iles, T.},
	Publisher = {Brill},
	Series = {Brill's Japanese studies library},
	Title = {{The crisis of identity in contemporary Japanese film: personal, cultural, national}},
	Year = {2008}}

@article{Jackson1982-JACEQ,
	Author = {Jackson, Frank},
	Journal = {Philosophical Quarterly},
	Number = {April},
	Pages = {127--136},
	Title = {{Epiphenomenal Qualia}},
	Volume = {32},
	Year = {1982}}

@article{Gross:2006uu,
	Author = {Gro{\ss}, R. and Bonani, M and Mondada, F and Dorigo, M.},
	Journal = {Robotics, IEEE Transactions on},
	Number = {6},
	Pages = {1115--1130},
	Title = {{Autonomous Self-Assembly in a Swarm-Bot}},
	Volume = {22},
	Year = {2006}}

@article{Mathews:2010tn,
	Author = {Mathews, N. and Christensen, A. and O'Grady, R. and Dorigo, M.},
	Journal = {Swarm Intelligence},
	Pages = {400--407},
	Title = {{Cooperation in a heterogeneous robot swarm through spatially targeted communication}},
	Year = {2010}}

@article{Brooks:1991ta,
	Author = {Brooks, Rodney A},
	Journal = {Intelligence Without Reason},
	Month = apr,
	Title = {{Intelligence Without Reason}},
	Year = {1991}}

@inproceedings{Sperati:2010uj,
	Author = {Sperati, Valerio and Trianni, Vito and Nolfi, Stefano},
	Booktitle = {ANTS'10: Proceedings of the 7th international conference on Swarm intelligence},
	Month = sep,
	Publisher = {Springer-Verlag},
	Title = {{Evolution of self-organised path formation in a swarm of robots}},
	Year = {2010}}

@article{Magnenat:2011dp,
	Author = {Magnenat, S and R{\'e}tornaz, P and Bonani, M and Longchamp, V and Mondada, F},
	Journal = {Mechatronics, IEEE/ASME Transactions on},
	Number = {2},
	Pages = {321--329},
	Title = {{ASEBA: A Modular Architecture for Event-Based Control of Complex Robots}},
	Volume = {16},
	Year = {2011}}

@article{Kuwano:2000wy,
	Author = {Kuwano, H. and Taniguchi, Y. and Arai, H. and Mori, M. and Kurakake, S. and Kojima, H.},
	Journal = {Multimedia and Expo, 2000. ICME 2000. 2000 IEEE International Conference on},
	Pages = {759--762 vol. 2},
	Title = {{Telop-on-demand: Video structuring and retrieval based on text recognition}},
	Volume = {2},
	Year = {2000}}

@article{Bruno:2002tt,
	Author = {Bruno, E. and Pellerin, D.},
	Journal = {Pattern Recognition, 2002. Proceedings. 16th International Conference on},
	Pages = {287--290 vol. 3},
	Title = {{Video structuring, indexing and retrieval based on global motion wavelet coefficients}},
	Volume = {3},
	Year = {2002}}

@book{kosslyn1983ghosts,
	Author = {Kosslyn, S.M.},
	Publisher = {Norton},
	Title = {{Ghosts in the mind's machine: creating and using images in the brain}},
	Year = {1983}}

@book{jenkins2006convergence,
	Author = {Jenkins, H.},
	Publisher = {NYU Press},
	Series = {ACLS Humanities E-Book},
	Title = {{Convergence Culture: Where Old and New Media Collide}},
	Year = {2006}}

@article{vanVelsen:2009by,
	Author = {van Velsen, Lex and Melenhorst, Mark},
	Journal = {Interacting with Computers},
	Month = jul,
	Number = {3},
	Pages = {221--232},
	Title = {{Incorporating user motivations to design for video tagging}},
	Volume = {21},
	Year = {2009}}

@article{Anonymous:oAG9AR4I,
	Author = {Jackson, F.},
	Journal = {The Philosophical Quarterly},
	Number = {127},
	Pages = {127--136},
	Title = {{Epiphenomenal qualia}},
	Volume = {32},
	Year = {1982}}

@article{Anonymous:1u5ucAKg,
	Month = nov,
	Pages = {1--7},
	Title = {{Dennet - Where am I}},
	Year = {2009}}

@article{Anonymous:z7Le1Iup,
	Month = nov,
	Pages = {1--3},
	Title = {{Turing - Computing Machinery and Intelligence}},
	Year = {2009}}

@article{Anonymous:9aiVAjQH,
	Month = apr,
	Pages = {1--13},
	Title = {{Clark, Chalmers - the Extended Mind}},
	Year = {1999}}

@article{Anonymous:AbpMk88x,
	Month = jan,
	Pages = {1--8},
	Title = {{What is it like to be a bat?}},
	Year = {2004}}

@article{Anonymous:7M-o6ZB4,
	Month = nov,
	Pages = {1--11},
	Title = {{Clark - Connectionism}},
	Year = {2009}}

@article{Anonymous:-V7vymMe,
	Month = nov,
	Pages = {1--9},
	Title = {{Kim - MBIT ch3}},
	Year = {2009}}

@article{Anonymous:M4tK5ezZ,
	Month = nov,
	Pages = {1--19},
	Title = {{Churchland - the Ontological Problem ch2 (dualism)}},
	Year = {2009}}

@article{Reeves:1983te,
	Author = {Reeves, W.T.},
	Journal = {ACM Transactions on graphics},
	Number = {2},
	Pages = {91--108},
	Title = {{Particle SystemsmA Technique for Modeling a Class of Fuzzy Objects}},
	Volume = {2},
	Year = {1983}}

@article{Shinkareva:2008jt,
	Author = {Shinkareva, Svetlana V and Mason, Robert A and Malave, Vicente L and Wang, Wei and Mitchell, Tom M and Just, Marcel Adam},
	Journal = {PLoS ONE},
	Month = jan,
	Number = {1},
	Pages = {e1394},
	Title = {{Using fMRI Brain Activation to Identify Cognitive States Associated with Perception of Tools and Dwellings}},
	Volume = {3},
	Year = {2008}}

@article{Nijholt:2009jy,
	Author = {Nijholt, Anton and Bos, Danny Plass-Oude and Reuderink, Boris},
	Journal = {Entertainment Computing},
	Month = apr,
	Number = {2},
	Pages = {85--94},
	Title = {{Turning shortcomings into challenges: Brain--computer interfaces for games}},
	Volume = {1},
	Year = {2009}}

@article{Mitchell:2004uz,
	Author = {Mitchell, T.M. and Hutchinson, R. and Niculescu, R.S. and Pereira, F. and Wang, X. and Just, M. and Newman, S.},
	Journal = {Machine Learning},
	Number = {1},
	Pages = {145--175},
	Title = {{Learning to decode cognitive states from brain images}},
	Volume = {57},
	Year = {2004}}

@article{Koprinska:2001tt,
	Author = {Koprinska, I. and Carrato, S.},
	Journal = {Signal processing: Image communication},
	Number = {5},
	Pages = {477--500},
	Title = {{Temporal video segmentation: A survey}},
	Volume = {16},
	Year = {2001}}

@book{kim2008physicalism,
	Author = {Kim, J.},
	Publisher = {Princeton University Press},
	Series = {Princeton Monographs in Philosophy},
	Title = {{Physicalism, Or Something Near Enough}},
	Year = {2008}}

@book{Dennett:1987uo,
	Author = {Dennett, D.},
	Publisher = {MIT Press},
	Title = {{The Intentional Stance}},
	Year = {1987}}

@article{Anonymous:gOGOXQpK,
	Month = apr,
	Pages = {1--10},
	Title = {{IJ.17-AB-Precis}},
	Year = {1999}}

@article{Anonymous:48uBVvRT,
	Author = {Dorigo, M. and Floreano, D. and Gambardella, LM and Mondada, F and Nolfi, S. and Baaboura, T. and Birattari, M. and Bonani, M and Brambilla, M. and Brutschy, A.},
	Journal = {IRIDIA, Brussels, Belgium, Tech. Rep},
	Pages = {14--11},
	Title = {{Swarmanoid: a novel concept for the study of heterogeneous robotic swarms}},
	Year = {2011}}

@article{Anonymous:n-63aeZ6,
	Author = {Mondada, F and Pettinaro, G.C. and Guignard, A. and Kwee, I.W. and Floreano, D. and Deneubourg, J.L. and Nolfi, S. and Gambardella, L.M. and Dorigo, M.},
	Journal = {Autonomous Robots},
	Number = {2},
	Pages = {193--221},
	Title = {{SWARM-BOT: A new distributed robotic concept}},
	Volume = {17},
	Year = {2004}}

@article{Hart:1968bf,
	Author = {Hart, P.E and Nilsson, N.J. and Raphael, B},
	Journal = {Systems Science and Cybernetics, IEEE Transactions on},
	Number = {2},
	Pages = {100--107},
	Title = {{A Formal Basis for the Heuristic Determination of Minimum Cost Paths}},
	Volume = {4},
	Year = {1968}}

@proceedings{INFOHlesson:2010te,
	Title = {{Swarm robotics}},
	Year = {2004}}

@article{Beer:2000vm,
	Author = {Beer, R.D.},
	Journal = {Trends in cognitive sciences},
	Number = {3},
	Pages = {91--99},
	Title = {{Dynamical approaches to cognitive science}},
	Volume = {4},
	Year = {2000}}

@article{Clancey:tq,
	Author = {Clancey, W.J.},
	Journal = {The Cambridge Handbook of Situated Cognition},
	Pages = {11},
	Title = {{Scientific Antecedents of Situated Cognition}}}

@article{Kelly:2007ux,
	Author = {Kelly, Sean D},
	Month = oct,
	Pages = {1--7},
	Title = {{Review of Andy Clark-Being There}},
	Year = {2007}}

@article{Clark:2003wp,
	Author = {Clark, Andy},
	Month = jan,
	Pages = {1--240},
	Title = {{Being There - Putting Brain, Body and World Together}},
	Year = {1997}}

@article{Anonymous:bXbBOTRf,
	Author = {Pettinaro, G.C. and Kwee, I.W. and Gambardella, L.M. and Mondada, F and Floreano, D. and Nolfi, S. and Deneubourg, J.L. and Dorigo, M.},
	Journal = {Proceedings of the 33rd ISR (International Symposium on Robotics) October},
	Number = {11},
	Title = {{Swarm robotics: A different approach to service robotics}},
	Volume = {7},
	Year = {2002}}

@article{Anonymous:2005uk,
	Author = {Trianni, V. and Dorigo, M.},
	Journal = {Swarm Intelligence Symposium, 2005. SIS 2005. Proceedings 2005 IEEE},
	Pages = {241--248},
	Title = {{Emergent collective decisions in a swarm of robots}},
	Year = {2005}}

@phdthesis{vonAhn:2005wi,
	Author = {von Ahn, Luis},
	Month = dec,
	School = {Carnegie Mellon University},
	Title = {{Human Computation}},
	Year = {2005}}

@article{Anonymous:eQCAHbfb,
	Month = mar,
	Pages = {1--170},
	Title = {{ben fry - dissertation-110323c}},
	Year = {2011}}

@techreport{Rosenstiel:2012vb,
	Author = {Rosenstiel, Tom and Mitchell, Amy},
	Month = jul,
	Title = {{YouTube {\&} the News}},
	Year = {2012}}

@techreport{Jurrat:2011wv,
	Author = {Jurrat, Nadine},
	Month = jul,
	Title = {{Citizen Journalism and the Internet}},
	Year = {2011}}

@techreport{Overgoor:2012tx,
	Author = {Overgoor, Jan and Wulczyn, Ellery and Potts, Christopher},
	Month = mar,
	Title = {{Trust Propagation with Mixed-Effects Models}},
	Year = {2012}}

@article{Harvey:2002tk,
	Author = {Harvey, I.},
	Journal = {Consciousness evolving},
	Pages = {205},
	Title = {{Evolving robot consciousness}},
	Volume = {34},
	Year = {2002}}

@inproceedings{Bocconi:2004jq,
	Author = {Bocconi, Stefano},
	Booktitle = {MULTIMEDIA '04: Proceedings of the 12th annual ACM international conference on Multimedia},
	Month = oct,
	Publisher = {ACM Request Permissions},
	Title = {{Semantic-aware automatic video editing}},
	Year = {2004}}

@article{Brezeale:2008we,
	Author = {Brezeale, D. and Cook, D.J.},
	Journal = {Systems, Man, and Cybernetics, Part C: Applications and Reviews, IEEE Transactions on},
	Number = {3},
	Pages = {416--430},
	Title = {{Automatic video classification: A survey of the literature}},
	Volume = {38},
	Year = {2008}}

@article{Quinn:2011us,
	Author = {Quinn, A.J. and Bederson, B.B.},
	Journal = {Proceedings of the 2011 annual conference on Human factors in computing systems},
	Pages = {1403--1412},
	Title = {{Human computation: a survey and taxonomy of a growing field}},
	Year = {2011}}

@article{Little:2010uw,
	Author = {Little, G. and Chilton, L.B. and Goldman, M. and Miller, R.C.},
	Journal = {Proceedings of the ACM SIGKDD workshop on human computation},
	Pages = {68--76},
	Title = {{Exploring iterative and parallel human computation processes}},
	Year = {2010}}

@article{Shahaf:2010vx,
	Author = {Shahaf, D. and Horvitz, E.},
	Title = {{Generalized task markets for human and machine computation}},
	Year = {2010}}

@article{Hua:2004wt,
	Author = {Hua, X.S. and Lu, L. and Zhang, H.J.},
	Journal = {Circuits and Systems for Video Technology, IEEE Transactions on},
	Number = {5},
	Pages = {572--583},
	Title = {{Optimization-based automated home video editing system}},
	Volume = {14},
	Year = {2004}}

@inproceedings{Little:2010hv,
	Address = {New York, New York, USA},
	Author = {Little, Greg and Chilton, Lydia B and Goldman, Max and Miller, Robert C},
	Booktitle = {the 23nd annual ACM symposium},
	Pages = {57},
	Publisher = {ACM Press},
	Title = {{Proceedings of the 23nd annual ACM symposium on User interface software and technology - UIST '10}},
	Year = {2010}}

@article{Jonsson:2011fh,
	Author = {J{\"o}nsson, Anna Maria and {\"O}rnebring, Henrik},
	Journal = {Journalism Practice},
	Month = apr,
	Number = {2},
	Pages = {127--144},
	Title = {{USER-GENERATED CONTENT AND THE NEWS}},
	Volume = {5},
	Year = {2011}}

@book{grier2007computers,
	Author = {Grier, D.A.},
	Publisher = {Princeton University Press},
	Title = {{When Computers Were Human}},
	Year = {2007}}

@incollection{Grier:2007tq,
	Author = {Grier, David Alan},
	Booktitle = {When Computers Were Human},
	Publisher = {Princeton University Press},
	Title = {{When Computers Were Human}},
	Year = {2007}}

@article{Babbage:1832vu,
	Author = {Babbage, Charles},
	Title = {{On the economy of machinery and manufactures}},
	Year = {1832}}

@article{Nishimoto:2011jy,
	Author = {Nishimoto, Shinji and Vu, An T and Naselaris, Thomas and Benjamini, Yuval and Bin Yu and Gallant, Jack L},
	Journal = {Current Biology},
	Month = sep,
	Pages = {1--6},
	Title = {{Reconstructing Visual Experiences from Brain Activity Evoked by Natural Movies}},
	Year = {2011}}

@article{Christel:2005td,
	Author = {Christel, M.G. and Conescu, R.M.},
	Journal = {Proceedings of the 5th ACM/IEEE-CS joint conference on Digital libraries},
	Pages = {69--78},
	Title = {{Addressing the challenge of visual information access from digital image and video libraries}},
	Year = {2005}}

@article{Kay:2008ca,
	Author = {Kay, Kendrick N and Naselaris, Thomas and Prenger, Ryan J and Gallant, Jack L},
	Journal = {Nature},
	Month = mar,
	Number = {7185},
	Pages = {352--355},
	Title = {{Identifying natural images from human brain activity}},
	Volume = {452},
	Year = {2008}}

@article{DeRooij:2007ua,
	Author = {De Rooij, O. and Snoek, C G M and Worring, M},
	Journal = {Proceedings of the 15th international conference on Multimedia},
	Pages = {811--814},
	Title = {{Query on demand video browsing}},
	Year = {2007}}

@article{Yang:2004tc,
	Author = {Yang, M. and Wildemuth, B.M. and Marchionini, G.},
	Journal = {Proceedings of the 12th annual ACM international conference on Multimedia},
	Pages = {368--371},
	Title = {{The relative effectiveness of concept-based versus content-based video retrieval}},
	Year = {2004}}

@article{Thomas:1999vv,
	Author = {Thomas, N.J.T.},
	Journal = {Cognitive science},
	Number = {2},
	Pages = {207--245},
	Title = {{Are theories of imagery theories of imagination?: An active perception approach to conscious mental content}},
	Volume = {23},
	Year = {1999}}

@article{Pylyshyn:2002vk,
	Author = {Pylyshyn, Z.W.},
	Journal = {Behavioral and brain sciences},
	Number = {02},
	Pages = {157--182},
	Title = {{Mental imagery: In search of a theory}},
	Volume = {25},
	Year = {2002}}

@article{Thomas:2003tf,
	Author = {Thomas, N.},
	Journal = {Journal of Consciousness Studies},
	Number = {11},
	Pages = {79--84},
	Title = {{Imagining minds Bradshaw Seminar, The Claremont Colleges Claremont, California, 6-8 February, 2003}},
	Volume = {10},
	Year = {2003}}

@article{Block:2003vn,
	Author = {Block, N.},
	Journal = {Reflections and replies: Essays on the philosophy of Tyler Burge},
	Pages = {165--200},
	Title = {{Mental paint}},
	Year = {2003}}

@proceedings{SwarmbotsandSwarm:2012tc,
	Month = mar,
	Title = {{Swarm-bots and Swarmanoid: two experiments in embodied swarm intelligence}},
	Year = {2012}}

@article{Logothetis_2008,
	Author = {Logothetis, Nikos K},
	Journal = {Nature},
	Number = {7197},
	Pages = {869--878},
	Title = {{What we can do and what we cannot do with fMRI.}},
	Volume = {453},
	Year = {2008}}

@article{Connor:2005ut,
	Author = {Connor, C.E.},
	Journal = {Nature},
	Pages = {1036--1037},
	Title = {{Friends and grandmothers}},
	Volume = {435},
	Year = {2005}}

@article{Rui:1998uj,
	Author = {Rui, Y. and Huang, T.S. and Ortega, M. and Mehrotra, S.},
	Journal = {Circuits and Systems for Video Technology, IEEE Transactions on},
	Number = {5},
	Pages = {644--655},
	Title = {{Relevance feedback: A power tool for interactive content-based image retrieval}},
	Volume = {8},
	Year = {1998}}

@article{DeRooij:2008ut,
	Author = {De Rooij, O. and Snoek, C G M and Worring, M},
	Journal = {Proceedings of the 2008 international conference on Content-based image and video retrieval},
	Pages = {485--494},
	Title = {{Balancing thread based navigation for targeted video search}},
	Year = {2008}}

@article{Reynolds:1987vm,
	Author = {Reynolds, CW},
	Journal = {ACM SIGGRAPH Computer Graphics},
	Title = {{Flocks, herds and schools: A distributed behavioral model}},
	Year = {1987}}

@article{Newell:1961vn,
	Author = {Newell, A. and Simon, H.A. and CALIF, RAND CORP SANTA MONICA},
	Title = {{GPS, a program that simulates human thought}},
	Year = {1961}}

@article{Anonymous:Utbb8iLc,
	Author = {Newell, A. and Simon, HA},
	Journal = {The American Mathematical Monthly},
	Number = {2},
	Pages = {111--118},
	Title = {{Simulation of human processing of information}},
	Volume = {72},
	Year = {1965}}

@article{Christel:2004wm,
	Author = {Christel, M. and Moraveji, N.},
	Journal = {Proceedings of the 12th annual ACM international conference on Multimedia},
	Pages = {732--739},
	Title = {{Finding the right shots: assessing usability and performance of a digital video library interface}},
	Year = {2004}}

@article{Pea:2004td,
	Author = {Pea, R. and Mills, M. and Rosen, J. and Dauber, K. and Effelsberg, W. and Hoffert, E.},
	Journal = {Multimedia, IEEE},
	Number = {1},
	Pages = {54--61},
	Title = {{The diver project: Interactive digital video repurposing}},
	Volume = {11},
	Year = {2004}}

@article{Ward:2000up,
	Author = {Ward, D.J. and Blackwell, A.F. and MacKay, D.J.C.},
	Journal = {Proceedings of the 13th annual ACM symposium on User interface software and technology},
	Pages = {129--137},
	Title = {{Dasher---a data entry interface using continuous gestures and language models}},
	Year = {2000}}

@article{Wolfram:1984wq,
	Author = {Wolfram, S.},
	Journal = {Physica D: Nonlinear Phenomena},
	Number = {1},
	Pages = {1--35},
	Title = {{Universality and complexity in cellular automata}},
	Volume = {10},
	Year = {1984}}

@article{Ganguly:2003vx,
	Author = {Ganguly, N. and Sikdar, B.K. and Deutsch, A. and Canright, G. and Chaudhuri, P.P.},
	Title = {{A survey on cellular automata}},
	Year = {2003}}

@article{Nagel:1974uq,
	Author = {Nagel, T.},
	Journal = {The Philosophical Review},
	Number = {4},
	Pages = {435--450},
	Title = {{What is it like to be a bat?}},
	Volume = {83},
	Year = {1974}}

@article{Anonymous:fjNL3AIe,
	Month = nov,
	Pages = {1--9},
	Title = {{Kim - MBIT ch3}},
	Year = {2009}}

@article{Anonymous:_rZoRJJY,
	Month = nov,
	Pages = {1--7},
	Title = {{Dennet - Where am I}},
	Year = {2009}}

@article{Anonymous:hUFztJEC,
	Month = jan,
	Pages = {1--11},
	Title = {{Jackson - Epiphnomenal Qualia}},
	Year = {2006}}

@article{Anonymous:2-VNC6MG,
	Month = oct,
	Pages = {1--3},
	Title = {{the art of WatChinG databases}},
	Year = {2008}}

@article{Anonymous:itAhIpaD,
	Month = nov,
	Pages = {1--3},
	Title = {{Turing - Computing Machinery and Intelligence}},
	Year = {2009}}

@article{Jansen:2009cd,
	Author = {Jansen, Jack and Bulterman, Dick C A},
	Journal = {Multimedia Tools and Applications},
	Month = apr,
	Number = {3},
	Pages = {203--224},
	Title = {{SMIL State: an architecture and implementation for adaptive time-based web applications}},
	Volume = {43},
	Year = {2009}}

@article{Anonymous:O1Ilx97K,
	Month = mar,
	Pages = {1--5},
	Title = {{Advise video structuring}},
	Year = {2002}}

@article{Cesar:2009fk,
	Author = {Cesar, Pablo and Chorianopoulos, Konstantinos},
	Journal = {Foundations and Trends{\textregistered} in Human-Computer Interaction},
	Number = {4},
	Pages = {373--95},
	Title = {{The Evolution of TV Systems, Content, and Users Toward Interactivity}},
	Volume = {2},
	Year = {2009}}

@article{Anonymous:Jz9U2y8Z,
	Month = may,
	Pages = {1--7},
	Title = {{The society of the query and the Googlization of our lives}},
	Year = {2012}}

@article{Mansfield:2009wa,
	Author = {Mansfield, A.},
	Title = {{An Evolutionary Approach to Automatic Video Editing}},
	Year = {2009}}

@article{Fraternali:2012vn,
	Author = {Fraternali, P and Ceri, S and Baeza-Yates, R},
	Title = {{A Framework for Crowdsourced Multimedia Processing and Querying}},
	Year = {2012}}

@article{Hacker:2009wr,
	Author = {Hacker, S. and Von Ahn, L.},
	Journal = {Proceedings of the 27th international conference on Human factors in computing systems},
	Pages = {1207--1216},
	Title = {{Matchin: eliciting user preferences with an online game}},
	Year = {2009}}

@article{Law:2009vl,
	Author = {Law, E. and Von Ahn, L.},
	Journal = {Proceedings of the 27th international conference on Human factors in computing systems},
	Pages = {1197--1206},
	Title = {{Input-agreement: a new mechanism for collecting data using human computation games}},
	Year = {2009}}

@article{VonAhn:2008uz,
	Author = {Von Ahn, L. and Maurer, B. and McMillen, C. and Abraham, D. and Blum, M.},
	Journal = {Science},
	Number = {5895},
	Pages = {1465--1468},
	Title = {{recaptcha: Human-based character recognition via web security measures}},
	Volume = {321},
	Year = {2008}}

@article{vonAhn:2008iy,
	Author = {von Ahn, Luis and Dabbish, Laura},
	Journal = {Communications of the ACM},
	Month = aug,
	Number = {8},
	Pages = {57},
	Title = {{Designing games with a purpose}},
	Volume = {51},
	Year = {2008}}

@proceedings{HumanComputationan:2011ti,
	Address = {Harvard},
	Month = oct,
	Title = {{Human Computation and Crowdsourcing}},
	Year = {2011}}

@article{Yang:2007vb,
	Author = {Yang, B. and Mei, T. and Hua, X.S. and Yang, L. and Yang, S.Q. and Li, M.},
	Journal = {Proceedings of the 6th ACM international conference on Image and video retrieval},
	Pages = {73--80},
	Title = {{Online video recommendation based on multimodal fusion and relevance feedback}},
	Year = {2007}}

@article{Sarwar:2001wa,
	Author = {Sarwar, B. and Karypis, G. and Konstan, J. and Reidl, J.},
	Journal = {Proceedings of the 10th international conference on World Wide Web},
	Pages = {285--295},
	Title = {{Item-based collaborative filtering recommendation algorithms}},
	Year = {2001}}

@article{Davidson:2010tu,
	Author = {Davidson, J. and Liebald, B. and Liu, J. and Nandy, P. and Van Vleet, T. and Gargi, U. and Gupta, S. and He, Y. and Lambert, M. and Livingston, B.},
	Journal = {Proceedings of the fourth ACM conference on Recommender systems},
	Pages = {293--296},
	Title = {{The YouTube video recommendation system}},
	Year = {2010}}

@article{Luo:2009tb,
	Author = {Luo, H. and Fan, J. and Keim, D. and Satoh, S.},
	Journal = {Advances in Multimedia Modeling},
	Pages = {459--471},
	Title = {{Personalized news video recommendation}},
	Year = {2009}}

@article{Zhou:2010ut,
	Author = {Zhou, R. and Khemmarat, S. and Gao, L.},
	Journal = {Proceedings of the 10th annual conference on Internet measurement},
	Pages = {404--410},
	Title = {{The impact of YouTube recommendation system on video views}},
	Year = {2010}}

@book{Kurzweil:2006vy,
	Author = {Kurzweil, Ray},
	Month = sep,
	Publisher = {Penguin Group USA},
	Series = {When Humans Transcend Biology},
	Title = {{The Singularity Is Near}},
	Year = {2006}}

@article{Mei:2007wa,
	Author = {Mei, T. and Yang, B. and Hua, X.S. and Yang, L. and Yang, S.Q. and Li, S.},
	Journal = {Proceedings of the 30th annual international ACM SIGIR conference on Research and development in information retrieval},
	Pages = {767--768},
	Title = {{VideoReach: an online video recommendation system}},
	Year = {2007}}

@article{Xu:2008vb,
	Author = {Xu, S. and Jiang, H. and Lau, F.},
	Journal = {Proceedings of the 2008 ACM conference on Recommender systems},
	Pages = {83--90},
	Title = {{Personalized online document, image and video recommendation via commodity eye-tracking}},
	Year = {2008}}

@book{bloch2007aristotle,
	Author = {Bloch, D. and {others}},
	Publisher = {Brill Academic Pub},
	Title = {{Aristotle on memory and recollection: text, translation, interpretation, and reception in Western scholasticism}},
	Volume = {110},
	Year = {2007}}

@book{o2011red,
	Author = {O'Regan, J.K.},
	Publisher = {Oxford University Press},
	Title = {{Why Red Doesn't Sound Like a Bell: Understanding the Feel of Consciousness}},
	Year = {2011}}

@article{AICenter:1984ww,
	Author = {{AI Center}},
	Title = {{SHAKEY THE ROBOT}},
	Year = {1984}}

@book{varela1992embodied,
	Author = {Varela, F.J. and Thompson, E. and Rosch, E.},
	Publisher = {MIT Press},
	Series = {Cognitive science: Philosophy, psychology},
	Title = {{The embodied mind: cognitive science and human experience}},
	Year = {1992}}

@article{Burnham:1968wv,
	Author = {Burnham, J},
	Journal = {Artforum},
	Title = {{Systems esthetics}},
	Year = {1968}}

@article{ahin:2005ta,
	Author = {ahin, Erol S},
	Title = {{Swarm Robotics: From Sources of Inspiration to Domains of Application}},
	Year = {2005}}

@phdthesis{Griffith:2004wc,
	Author = {Griffith, Saul Thomas and {Massachusetts Institute of Technology. Dept. of Architecture. Program in Media Arts and Sciences}},
	Title = {{Growing machines}},
	Year = {2004}}

@book{Dennett:1993ww,
	Author = {Dennett, Daniel C},
	Month = jun,
	Publisher = {ePenguin},
	Title = {{Consciousness explained}},
	Year = {1993}}

@article{Vilmos:2011wv,
	Author = {Zsombori, V. and Frantzis, M. and Guimaraes, R.L. and Ursu, M.F. and Cesar, P. and Kegel, I. and Craigie, R. and Bulterman, D.},
	Journal = {Proceedings of the ACM Conference on Hypertext and Hypermedia},
	Pages = {325--334},
	Title = {{Automatic generation of video narratives from shared UGC}},
	Year = {2011}}

@article{Anonymous:2012uj,
	Month = jan,
	Pages = {1--19},
	Title = {{L02-computational{\_}creativity}},
	Year = {2012}}

@webpage{Anonymous:AkYQK13A,
	Month = jan,
	Title = {{COMPUTING MACHINERY AND INTELLIGENCE}},
	Year = {2006}}

@article{Anonymous:hozKu0Sn,
	Author = {No{\"e}, A.},
	Journal = {Journal of Consciousness Studies},
	Number = {6},
	Pages = {1--12},
	Title = {{Is the visual world a grand illusion?}},
	Volume = {5},
	Year = {2002}}

@article{VanGelder:ua,
	Author = {Van Gelder, Tim},
	Title = {{What might cognition be, if not computation?}}}

@article{Ursu:2009gc,
	Author = {Ursu, Marian F and Zsombori, Vilmos and Wyver, John and Conrad, Lucie and Kegel, Ian and Williams, Doug},
	Journal = {Computers in Entertainment},
	Month = sep,
	Number = {3},
	Pages = {1},
	Title = {{Interactive documentaries}},
	Volume = {7},
	Year = {2009}}

@article{Anonymous:_h4oC4y-,
	Month = nov,
	Pages = {1--25},
	Title = {{VonNeumann}},
	Year = {2003}}

@article{Anonymous:2012ux,
	Month = jan,
	Pages = {1--5},
	Title = {{icwsm}},
	Year = {2012}}

@article{Block:2011tw,
	Author = {Block, Ned},
	Month = dec,
	Pages = {1--18},
	Title = {{What Is the Issue?}},
	Year = {2011}}

@article{Block:1983wc,
	Author = {Block, N.},
	Journal = {The Philosophical Review},
	Number = {4},
	Pages = {499--541},
	Title = {{Mental pictures and cognitive science}},
	Volume = {92},
	Year = {1983}}

@article{Block:2005uw,
	Author = {Block, N.},
	Title = {{Review of Alva No{\"e}, Action in Perception1}},
	Year = {2005}}

@article{Anonymous:Fq6CzSVZ,
	Month = oct,
	Pages = {1--32},
	Title = {{burks1}},
	Year = {2006}}

@article{Anonymous:2008vo,
	Month = jan,
	Pages = {1--541},
	Title = {{Untitled}},
	Year = {2008}}

@techreport{RodrigoLaiolaGuimaraes:2011tl,
	Author = {Rodrigo Laiola Guimaraes, Pablo Cesar Dick C A Bulterman Vilmos Zsombori Ian Kegel},
	Month = aug,
	Title = {{Creating Personalized Memories from Social Events: Community-Based Support for Multi-Camera Recordings of School Concerts}},
	Year = {2011}}

@booklet{Manovich:wu,
	Author = {Manovich, Lev},
	Title = {{The language of new media (1st MIT Press pbk. ed.)}}}

@article{Dennett:1971uv,
	Author = {Dennett, DC},
	Journal = {The Journal of Philosophy},
	Title = {{Intentional systems}},
	Year = {1971}}

@article{Hall:2009ud,
	Author = {Hall, M and Frank, E and Holmes, G and Pfahringer, B},
	Journal = {ACM SIGKDD {\ldots}},
	Title = {{The WEKA data mining software: an update}},
	Year = {2009}}

@booklet{Russell:2010tz,
	Author = {Russell, SJ and Norvig, Peter},
	Howpublished = {Springer-Verlag New York Inc},
	Title = {{Artificial intelligence: a modern approach}},
	Year = {2010}}

@article{Brin:1998vm,
	Author = {Brin, S},
	Journal = {Computer networks and ISDN systems},
	Title = {{The anatomy of a large-scale hypertextual Web search engine}},
	Year = {1998}}

@article{Turing:1950wi,
	Author = {Turing, AM},
	Journal = {Mind},
	Title = {{Computing machinery and intelligence}},
	Year = {1950}}

@article{Lamport:1978tr,
	Author = {Lamport, L},
	Journal = {Communications of the ACM},
	Title = {{Time, clocks, and the ordering of events in a distributed system}},
	Year = {1978}}

@article{Nguyen:1999tq,
	Author = {Nguyen, H. and Haddawy, P.},
	Journal = {Proceedings of the Fifteenth conference on Uncertainty in artificial intelligence},
	Pages = {494--501},
	Title = {{The decision-theoretic interactive video advisor}},
	Year = {1999}}

@article{Davenport:1996vd,
	Author = {Davenport, G. and Tam{\'e}s, D.J.},
	Title = {{Some assembly required: cinematic knowledge-based reconstruction of structured video sequences}},
	Year = {1996}}

@article{Dennett:vw,
	Author = {Dennett, Daniel and Kinsbourne, Marcel},
	Title = {{Time and the observer}}}

@article{Lenay:1997wk,
	Author = {Lenay, C. and Canu, S. and Villon, P.},
	Journal = {Cognitive Technology, 1997.'Humanizing the Information Age'. Proceedings., Second International Conference on},
	Pages = {44--53},
	Title = {{Technology and perception: The contribution of sensory substitution systems}},
	Year = {1997}}

@article{Auvray:2007dj,
	Author = {Auvray, Malika and Hanneton, Sylvain and O'Regan, J Kevin},
	Journal = {Perception},
	Number = {3},
	Pages = {416--430},
	Title = {{Learning to perceive with a visuo -- auditory substitution system: Localisation and object recognition with `The vOICe'}},
	Volume = {36},
	Year = {2007}}

@article{Resnick:1994wm,
	Author = {Resnick, P. and Iacovou, N. and Suchak, M. and Bergstrom, P. and Riedl, J.},
	Journal = {Proceedings of the 1994 ACM conference on Computer supported cooperative work},
	Pages = {175--186},
	Title = {{GroupLens: an open architecture for collaborative filtering of netnews}},
	Year = {1994}}

@article{ORegan:2001us,
	Author = {O'Regan, J.K. and No{\"e}, A.},
	Journal = {Behavioral and brain sciences},
	Number = {5},
	Pages = {939--972},
	Title = {{A sensorimotor account of vision and visual consciousness}},
	Volume = {24},
	Year = {2001}}

@article{Adomavicius:2005tv,
	Author = {Adomavicius, G. and Tuzhilin, A.},
	Journal = {Knowledge and Data Engineering, IEEE Transactions on},
	Number = {6},
	Pages = {734--749},
	Title = {{Toward the next generation of recommender systems: A survey of the state-of-the-art and possible extensions}},
	Volume = {17},
	Year = {2005}}

@article{Amedi:2007gl,
	Author = {Amedi, Amir and Stern, William M and Camprodon, Joan A and Bermpohl, Felix and Merabet, Lotfi and Rotman, Stephen and Hemond, Christopher and Meijer, Peter and Pascual-Leone, Alvaro},
	Journal = {Nature Neuroscience},
	Month = may,
	Number = {6},
	Pages = {687--689},
	Title = {{Shape conveyed by visual-to-auditory sensory substitution activates the lateral occipital complex}},
	Volume = {10},
	Year = {2007}}

@article{Herlocker:2004vc,
	Author = {Herlocker, J.L. and Konstan, J.A. and Terveen, L.G. and Riedl, J.T.},
	Journal = {ACM Transactions on Information Systems (TOIS)},
	Number = {1},
	Pages = {5--53},
	Title = {{Evaluating collaborative filtering recommender systems}},
	Volume = {22},
	Year = {2004}}

@article{lewis1986plurality,
	Author = {Lewis, D.},
	Title = {{On the Plurality of Worlds, Blackwells}},
	Year = {1986}}

@book{noe2004action,
	Author = {No{\"e}, A.},
	Publisher = {Mit Press},
	Series = {Representation and Mind},
	Title = {{Action In Perception}},
	Year = {2004}}

@article{Pessoa:1998uh,
	Author = {Pessoa, L. and Thompson, E. and No{\"e}, A.},
	Journal = {Behavioral and brain sciences},
	Number = {6},
	Pages = {723--748},
	Title = {{Finding out about filling-in: A guide to perceptual completion for visual science and the philosophy of perception}},
	Volume = {21},
	Year = {1998}}

@article{Marlow:2006wp,
	Author = {Marlow, C. and Naaman, M. and Boyd, D. and Davis, M.},
	Journal = {Proceedings of the seventeenth conference on Hypertext and hypermedia},
	Pages = {31--40},
	Title = {{HT06, tagging paper, taxonomy, Flickr, academic article, to read}},
	Year = {2006}}

@article{Davenport:1993wi,
	Author = {Davenport, G. and Halliday, M.D.},
	Title = {{Digital cinema--an environment for multi-threaded stories}},
	Year = {1993}}

@article{Herlocker:1999wc,
	Author = {Herlocker, J.L. and Konstan, J.A. and Borchers, A. and Riedl, J.},
	Journal = {Proceedings of the 22nd annual international ACM SIGIR conference on Research and development in information retrieval},
	Pages = {230--237},
	Title = {{An algorithmic framework for performing collaborative filtering}},
	Year = {1999}}

@article{Chen:2004ta,
	Author = {Chen, L. and Pu, P.},
	Journal = {Swiss Federal Institute of Technology in Lausanne, Technical Report No. IC/200467},
	Title = {{Survey of preference elicitation methods}},
	Year = {2004}}

@article{Services:2008wr,
	Author = {Services, End User Computing},
	Month = aug,
	Pages = {1--10},
	Title = {{Proceedings Template - WORD}},
	Year = {2008}}

@book{bonabeau1999swarm,
	Author = {Bonabeau, E. and Dorigo, M. and Theraulaz, G.},
	Publisher = {Oxford University Press},
	Series = {Santa Fe Institute studies in the sciences of complexity},
	Title = {{Swarm intelligence: from natural to artificial systems}},
	Year = {1999}}

@article{Klippgen:1998vq,
	Author = {Klippgen, W. and Little, T.D.C. and Ahanger, G. and Venkatesh, D.},
	Journal = {Multimedia Data Management-Using Metadata to Integrate and Apply Digital Media. New York: McGraw-Hill},
	Title = {{The use of metadata for the rendering of personalized video delivery}},
	Year = {1998}}

@article{Anonymous:mAlXvqFr,
	Month = sep,
	Pages = {1--26},
	Title = {{A short history of YouTube}},
	Year = {2011}}

@inproceedings{springerlink:10.1007/978-3-642-58069-7_38,
	Annote = {10.1007/978-3-642-58069-7{\_}38},
	Author = {Beni, Gerardo and Wang, Jing and Hackwood, Susan},
	Booktitle = {Proceedings of NATO Advanced Workshop on Robots and Biological Systems},
	Editor = {Dario, Paolo and Sandini, Giulio and Aebischer, Patrick},
	Pages = {703--712},
	Publisher = {Springer Berlin Heidelberg},
	Title = {{Swarm Intelligence in Cellular Robotic Systems}},
	Year = {1989}}

@article{Dorigo:2005uf,
	Author = {Dorigo, M. and Tuci, E. and Gro{\ss}, R. and Trianni, V. and Labella, T. and Nouyan, S. and Ampatzis, C. and Deneubourg, J.L. and Baldassarre, G. and Nolfi, S.},
	Journal = {Swarm Robotics},
	Pages = {31--44},
	Title = {{The swarm-bots project}},
	Year = {2005}}

@book{haugeland1989artificial,
	Author = {Haugeland, J.},
	Publisher = {MIT Press},
	Series = {Bradford Books},
	Title = {{Artificial intelligence: the very idea}},
	Year = {1989}}

@incollection{Agre:1990tt,
	Author = {Agre, PE and Chapman, D.},
	Editor = {Maes},
	Organization = {MIT Press, Cambridge},
	Publisher = {Designing autonomous agents},
	Title = {{What are plans for?}},
	Year = {1990}}

@article{Chapman:1987uo,
	Author = {Chapman, D. and Agre, P.E.},
	Journal = {Proceedings of the Sixth National Conference on Artificial Intelligence},
	Pages = {268--272},
	Title = {{Pengi: An implementation of a theory of activity}},
	Year = {1987}}

@book{stainton2000perspectives,
	Author = {Stainton, R.},
	Publisher = {Broadview},
	Title = {{Perspectives in the philosophy of language: a concise anthology}},
	Year = {2000}}

@incollection{Fodor:2000va,
	Author = {Fodor, Jerry},
	Booktitle = {Perspectives in the philosophy of language: a concise anthology},
	Publisher = {Broadview},
	Title = {{Propositional Attitudes}},
	Year = {2000}}

@book{tye1991imagery,
	Author = {Tye, M.},
	Publisher = {MIT Press},
	Series = {Representation and mind},
	Title = {{The imagery debate}},
	Year = {1991}}

@article{Lackner1972359,
	Author = {Lackner, J R and Garrett, M F},
	Journal = {Cognition},
	Number = {4},
	Pages = {359--372},
	Title = {{Resolving ambiguity: Effects of biasing context in the unattended ear}},
	Volume = {1},
	Year = {1972}}

@misc{Rangarajan:2012tw,
	Author = {Rangarajan, Anand},
	Month = mar,
	Title = {{Book Review Varela, Thompson Rosch, 'The Embodied Mind'}},
	Year = {2012}}

@article{nisbett1977telling,
	Author = {Nisbett, R.E. and Wilson, T.D.},
	Journal = {Psychological review},
	Number = {3},
	Pages = {231},
	Title = {{Telling more than we can know: Verbal reports on mental processes.}},
	Volume = {84},
	Year = {1977}}

@article{Dennett:1993tz,
	Author = {Dennett, D.},
	Journal = {American Journal of Psychology},
	Pages = {121--126},
	Title = {{Review of Varela, E. Thompson and E. Rosch,(eds.) The Embodied Mind: Cognitive Science and Human Experience}},
	Volume = {106},
	Year = {1993}}

@book{nisbett1980human,
	Author = {Nisbett, R.E. and Ross, L. and {others}},
	Publisher = {Prentice-Hall Englewood Cliffs, NJ},
	Title = {{Human inference: Strategies and shortcomings of social judgment}},
	Year = {1980}}

@article{Miller:1956tr,
	Author = {Miller, G.A.},
	Journal = {Psychological review},
	Number = {2},
	Pages = {81},
	Title = {{The magical number seven, plus or minus two: some limits on our capacity for processing information.}},
	Volume = {63},
	Year = {1956}}

@article{Brooks:1991ww,
	Author = {Brooks, RA},
	Journal = {Artificial intelligence},
	Title = {{Intelligence without representation}},
	Year = {1991}}

@article{Manovich:2000vy,
	Author = {Manovich, Lev},
	Journal = {AI {\&} Society},
	Number = {2},
	Pages = {176--183},
	Title = {{Database as genre of new media}},
	Volume = {12},
	Year = {2000}}

@phdthesis{Overgoor:2012vb,
	Author = {Overgoor, Jan},
	Month = jun,
	Title = {{An Investigation of Trust in the CouchSurfing Community}},
	Year = {2012}}

@article{Ulges:2009ua,
	Author = {Ulges, A. and Koch, M. and Borth, D. and Breuel, T.M.},
	Journal = {Data Mining Workshops, 2009. ICDMW'09. IEEE International Conference on},
	Pages = {190--195},
	Title = {{Tubetagger-YouTube-based concept detection}},
	Year = {2009}}

@article{Hendler:2008go,
	Author = {Hendler, James and Golbeck, Jennifer},
	Journal = {Web Semantics: Science, Services and Agents on the World Wide Web},
	Month = feb,
	Number = {1},
	Pages = {14--20},
	Title = {{Metcalfe's law, Web 2.0, and the Semantic Web}},
	Volume = {6},
	Year = {2008}}

@article{Rodney:1989uf,
	Author = {Brooks, Rodney and Flynn, Anita},
	Journal = {Journal of The British Interplanetary Society},
	Pages = {478--485},
	Title = {{Fast, Cheap and out of Control}},
	Volume = {42},
	Year = {1989}}

@article{Brooks:1991wd,
	Author = {Brooks, R.A.},
	Journal = {Science},
	Number = {5025},
	Pages = {1227},
	Title = {{New approaches to robotics}},
	Volume = {253},
	Year = {1991}}

@article{Chen:2010wu,
	Author = {Chen, Zhineng and Cao, Juan and Song, Yicheng and Guo, Junbo and Zhang, Yongdong and Li, Jintao},
	Journal = {arXiv.org},
	Month = mar,
	Title = {{Context-Oriented Web Video Tag Recommendation}},
	Volume = {cs.MM},
	Year = {2010}}

@article{Snoek:2009dq,
	Author = {Snoek, Cees G M and Worring, Marcel},
	Journal = {Foundations and Trends{\textregistered} in Information Retrieval},
	Number = {4},
	Pages = {215--322},
	Title = {{Concept-Based Video Retrieval}},
	Volume = {2},
	Year = {2009}}

@article{Tian:ha,
	Author = {Tian, Qi and Tang, Jinhui and Worring, Marcel and Gatica-perez, Daniel},
	Journal = {IEEE Transactions on Multimedia},
	Number = {4},
	Pages = {949--950},
	Title = {{Learning Semantics From Multimedia Web Resources: An Introduction to the Special Issue}},
	Volume = {14}}

@article{Halvey:2007tz,
	Author = {Halvey, M.J. and Keane, M.T.},
	Journal = {Proceedings of the eighteenth conference on Hypertext and hypermedia},
	Pages = {217--226},
	Title = {{Analysis of online video search and sharing}},
	Year = {2007}}

@article{Anonymous:2008uq,
	Month = apr,
	Pages = {1--10},
	Title = {{10.1.1.150.7896}},
	Year = {2008}}

@article{Cheng:2007tc,
	Author = {Cheng, X. and Dale, C. and Liu, J.},
	Journal = {Arxiv preprint arXiv:0707.3670},
	Title = {{Understanding the characteristics of internet short video sharing: YouTube as a case study}},
	Year = {2007}}

@article{Cha:2007ty,
	Author = {Cha, M. and Kwak, H. and Rodriguez, P. and Ahn, Y.Y. and Moon, S.},
	Journal = {Proceedings of the 7th ACM SIGCOMM conference on Internet measurement},
	Pages = {1--14},
	Title = {{I tube, you tube, everybody tubes: analyzing the world's largest user generated content video system}},
	Year = {2007}}

@article{Snoek:2006tt,
	Author = {Snoek, C G M and Worring, M and Hauptmann, A.G.},
	Journal = {ACM Transactions on Multimedia Computing, Communications, and Applications (TOMCCAP)},
	Number = {2},
	Pages = {91--108},
	Title = {{Learning rich semantics from news video archives by style analysis}},
	Volume = {2},
	Year = {2006}}

@article{Snoek:2005vt,
	Author = {Snoek, C G M and Worring, M},
	Journal = {Multimedia Tools and Applications},
	Number = {1},
	Pages = {5--35},
	Title = {{Multimodal video indexing: A review of the state-of-the-art}},
	Volume = {25},
	Year = {2005}}

@article{Snoek:jf,
	Author = {Snoek, C G M and Huurnink, B and Hollink, L and de Rijke, M and Schreiber, G and Worring, M},
	Journal = {IEEE Transactions on Multimedia},
	Number = {5},
	Pages = {975--986},
	Title = {{Adding Semantics to Detectors for Video Retrieval}},
	Volume = {9}}

@article{Smeulders:2000tx,
	Author = {Smeulders, A.W.M. and Worring, M and Santini, S. and Gupta, A. and Jain, R.},
	Journal = {Pattern Analysis and Machine Intelligence, IEEE Transactions on},
	Number = {12},
	Pages = {1349--1380},
	Title = {{Content-based image retrieval at the end of the early years}},
	Volume = {22},
	Year = {2000}}

@article{Hendler:2008goa,
	Author = {Hendler, James and Golbeck, Jennifer},
	Journal = {Web Semantics: Science, Services and Agents on the World Wide Web},
	Month = feb,
	Number = {1},
	Pages = {14--20},
	Title = {{Metcalfe's law, Web 2.0, and the Semantic Web}},
	Volume = {6},
	Year = {2008}}

@article{Smeaton:2008go,
	Author = {Smeaton, Alan F and Wilkins, Peter and Worring, Marcel and de Rooij, Ork and Chua, Tat-Seng and Luan, Huanbo},
	Journal = {International Journal of Imaging Systems and Technology},
	Month = aug,
	Number = {2-3},
	Pages = {195--201},
	Title = {{Content-based video retrieval: Three example systems from TRECVid}},
	Volume = {18},
	Year = {2008}}

@article{Yuen:2009vp,
	Author = {Yuen, MC and Chen, LJ},
	Journal = {Computational Science and {\ldots}},
	Title = {{A survey of human computation systems}},
	Year = {2009}}

@article{Snoek:2006td,
	Author = {Snoek, GGM and Worring, M and Geusebroek, J.M. and Koelma, D C and Seinstra, F.J. and Smeulders, A.W.M.},
	Journal = {Pattern Analysis and Machine Intelligence, IEEE Transactions on},
	Number = {10},
	Pages = {1678--1689},
	Title = {{The semantic pathfinder: Using an authoring metaphor for generic multimedia indexing}},
	Volume = {28},
	Year = {2006}}

@article{Baluja:2008wd,
	Author = {Baluja, S. and Seth, R. and Sivakumar, D. and Jing, Y. and Yagnik, J. and Kumar, S. and Ravichandran, D. and Aly, M.},
	Journal = {Proceedings of the 17th international conference on World Wide Web},
	Pages = {895--904},
	Title = {{Video suggestion and discovery for YouTube: taking random walks through the view graph}},
	Year = {2008}}

@article{Hollink:2005ei,
	Author = {Hollink, L and Nguyen, G P and Koelma, D C and Schreiber, A Th and Worring, M},
	Journal = {IEE Proceedings - Vision, Image, and Signal Processing},
	Number = {6},
	Pages = {911},
	Title = {{Assessing user behaviour in news video retrieval}},
	Volume = {152},
	Year = {2005}}

@article{Anonymous:2012wu,
	Month = apr,
	Pages = {1--7},
	Title = {{Lewis - Paradoxes of Time Travel}},
	Year = {2012}}

@article{Anonymous:2012tc,
	Month = apr,
	Pages = {1--21},
	Title = {{Van Inwagen{\_}Metaphysics 3rd ed{\_}0813343569}},
	Year = {2012}}

@article{Anonymous:2012tk,
	Month = apr,
	Pages = {1--6},
	Title = {{sciam14327034}},
	Year = {2012}}

@article{Anonymous:2012tl,
	Month = apr,
	Pages = {1--10},
	Title = {{HorwichTimeTravel}},
	Year = {2012}}

@article{Anonymous:2012uv,
	Month = apr,
	Pages = {1--8},
	Title = {{inwagen{\_}.peter.van.{\_}.zimmerman{\_}.dean.w.{\_}ed{\_}.-.metaphysics.the.big.questions}},
	Year = {2012}}

@article{Anonymous:2012un,
	Month = apr,
	Pages = {1--14},
	Title = {{zimmerman A-theory}},
	Year = {2012}}

@article{Kaelbling199035,
	Annote = {<ce:title>Designing Autonomous Agents</ce:title>},
	Author = {Kaelbling, Leslie Pack and Rosenschein, Stanley J},
	Journal = {Robotics and Autonomous Systems},
	Number = {1--2},
	Pages = {35--48},
	Title = {{Action and planning in embedded agents}},
	Volume = {6},
	Year = {1990}}

@article{Fikes:1994tw,
	Author = {Fikes, R.E. and Nilsson, N.J.},
	Journal = {Artificial intelligence in perspective},
	Number = {1-2},
	Pages = {227},
	Title = {{STRIPS, a retrospective}},
	Year = {1994}}

@book{clark1991microcognition,
	Author = {Clark, A.},
	Publisher = {MIT Press},
	Series = {Explorations in cognitive science},
	Title = {{Microcognition: philosophy, cognitive science, and parallel distributed processing}},
	Year = {1991}}

@article{Brooks:1989tj,
	Author = {Brooks, R.A.},
	Journal = {Neural computation},
	Number = {2},
	Pages = {253--262},
	Title = {{A robot that walks; emergent behaviors from a carefully evolved network}},
	Volume = {1},
	Year = {1989}}

@article{Brooks:1990uu,
	Author = {Brooks, R.A.},
	Journal = {Robotics and Autonomous Systems},
	Number = {1-2},
	Pages = {3--15},
	Title = {{Elephants don't play chess}},
	Volume = {6},
	Year = {1990}}

@article{Anonymous:2012wl,
	Month = apr,
	Pages = {1--10},
	Title = {{Horwich Backwards Causation}},
	Year = {2012}}

@book{bach1972brain,
	Author = {Bach-y-Rita, P.},
	Publisher = {Academic Press},
	Title = {{Brain mechanisms in sensory substitution}},
	Year = {1972}}

@article{Wolfram:1983wz,
	Author = {Wolfram, S.},
	Journal = {Reviews of modern physics},
	Number = {3},
	Pages = {601},
	Title = {{Statistical mechanics of cellular automata}},
	Volume = {55},
	Year = {1983}}

@article{Grundmann:2010tq,
	Author = {Grundmann, M. and Kwatra, V. and Han, M. and Essa, I.},
	Journal = {Computer Vision and Pattern Recognition (CVPR), 2010 IEEE Conference on},
	Pages = {569--576},
	Title = {{Discontinuous seam-carving for video retargeting}},
	Year = {2010}}

@article{Snoek:2009ud,
	Author = {Snoek, C G M and Nedovic, V. and van Liempt, M. and van Balen, R. and Yan, F. and Tahir, MA and Mikolajczyk, K. and Kittler, J. and de Rijke, M and Geusebroek, JM},
	Title = {{The MediaMill TRECVID 2008 semantic video search engine}},
	Year = {2009}}

@article{Smeaton:2006ww,
	Author = {Smeaton, A.F. and Over, P. and Kraaij, W.},
	Journal = {Proceedings of the 8th ACM international workshop on Multimedia information retrieval},
	Pages = {321--330},
	Title = {{Evaluation campaigns and TRECVid}},
	Year = {2006}}

@article{Kim:1982uo,
	Author = {Kim, J.},
	Journal = {Philosophical Studies},
	Number = {1},
	Pages = {51--70},
	Title = {{Psychophysical supervenience}},
	Volume = {41},
	Year = {1982}}

@article{Mateas:1999vd,
	Author = {Mateas, M. and Sengers, P.},
	Journal = {Proceedings AAAI Fall Symposium on Narrative Intelligence},
	Pages = {1--10},
	Title = {{Narrative intelligence}},
	Year = {1999}}

@article{Schiffer:2002tg,
	Author = {Schiffer, S.},
	Journal = {ADVANCES IN CONSCIOUSNESS RESEARCH},
	Pages = {143--154},
	Title = {{The Rise and Fall of Black Velvet Flag: An" intelligent" system for youth culture documentary}},
	Volume = {46},
	Year = {2002}}

@article{Dennett:1992tk,
	Author = {Dennett, D C},
	Journal = {Behavioral and brain sciences},
	Number = {01},
	Pages = {35--35},
	Title = {{Hitting the nail on the head}},
	Volume = {15},
	Year = {1992}}
