%% This BibTeX bibliography file was created using BibDesk.
%% http://bibdesk.sourceforge.net/


%% Created for Philo van Kemenade at 2012-09-15 17:57:23 +0100 


%% Saved with string encoding Unicode (UTF-8) 



@misc{youtubeCC,
  Author = "Cathy Casserly",
  Title = "Hereâ€™s your invite to reuse and remix the 4 million Creative Commons-licensed videos on YouTube",
  howpublished = {\url{https://vimeo.com/creativecommons}},
  note = {Accessed: 15/09/2012},
  Year = {2012},
  Month = {June}
}

@misc{vimeoCC,
  Title = "Creative Commons licensed videos on Vimeo",
  howpublished = {\url{http://youtube-global.blogspot.co.uk/2012/07/heres-your-invite-to-reuse-and-remix-4.html}},
  note = {Accessed: 15/09/2012},
}

@misc{vimeoTimeline,
  Title = "Vimeo Timeline",
  howpublished = {\url{https://vimeo.com/about/timeline}},
  note = {Accessed: 15/09/2012},
}

